@ARTICLE{LMC_SDC,
  author={A. Nonaka and J. B. Bell and M. S. Day and C. Gilet and 
          A. S. Almgren and M. L. Minion},
  title={A deferred correction coupling strategy for low {M}ach number flow with complex chemistry},
  journal={Combust. Theory Modelling},
  volume={16},
  number={6},
  pages={1053-1088},
  year={2012},
 }

@book{leveque,
  title={Finite volume methods for hyperbolic problems},
  author={LeVeque, Randall J},
  volume={31},
  year={2002},
  publisher={Cambridge university press}
}

@inproceedings{s3d,
  title={Direct numerical simulation of turbulent combustion: fundamental insights towards predictive models},
  author={Hawkes, Evatt R and Sankaran, Ramanan and Sutherland, James C and Chen, Jacqueline H},
  booktitle={Journal of Physics: Conference Series},
  volume={16},
  number={1},
  pages={65},
  year={2005},
  organization={IOP Publishing}
}

@article{Aspden08b,
  title={Analysis of implicit LES methods},
  author={Aspden, Andrew and Nikiforakis, Nikos and Dalziel, Stuart and Bell, John},
  journal={Communications in Applied Mathematics and Computational Science},
  volume={3},
  number={1},
  pages={103--126},
  year={2008},
  publisher={Mathematical Sciences Publishers}
}


@ARTICLE{IAMR,
        author={A. S. Almgren and J. B. Bell and P. Colella and L. H. Howell
                and M. Welcome},
        title={A Conservative Adaptive Projection Method for
               the Variable Density Incompressible {Navier-Stokes} Equations},
        journal=jcp,
        volume = {142},
        pages = {1-46},
        year = {1998}
}

@ARTICLE{bellMarcus:1992b,
 author={J. B. Bell and D. L. Marcus},
 title={A Second-Order Projection Method for Variable-Density Flows},
 journal=jcp,
 volume={101},
 pages={334-348},
 year={1992}
}

@Article{pember-flame,
  author =	 {R. B. Pember and L. H. Howell and J. B. Bell and
                  P. Colella and W. Y. Crutchfield and W. A. Fiveland
                  and J. P. Jessee},
  title =	 {An Adaptive Projection Method for Unsteady
                  Low-{M}ach Number Combustion},
  journal =	 {Comb. Sci. Tech.},
  volume =	 {140},
  pages =	 {123--168},
  year =	 {1998},
}

@article{YouWang2009,
  title={Detailed and simplified kinetic models of n-dodecane oxidation: The role of fuel cracking in aliphatic hydrocarbon combustion},
  author={You, Xiaoqing and Egolfopoulos, Fokion N and Wang, Hai},
  journal={Proceedings of the Combustion Institute},
  volume={32},
  number={1},
  pages={403--410},
  year={2009},
  publisher={Elsevier}
}

@article{EGLIB,
  title={Eglib: A general-purpose fortran library for multicomponent transport property evaluation},
  author={Ern, A and Giovangigli, V},
  journal={Manual of EGlib version},
  volume={3},
  pages={12},
  year={2004}
}


@ARTICLE{almgrenBellSzymczak:1996,
	TITLE = {A numerical method for the incompressible {N}avier-{S}tokes 
	equations based on an approximate projection},
	AUTHOR = {A. S. Almgren and J. B. Bell and W. G. Szymczak},
	YEAR = {1996},
	VOLUME = {17},
	NUMBER = {2},
	MONTH = Mar,
	JOURNAL = {SIAM J. Sci. Comput.},
	PAGES = {358--369}
}

@INPROCEEDINGS{bellColellaHowell:1991,
        AUTHOR = {J. B. Bell and P. Colella and L. H. Howell},
        TITLE = {An efficient second-order projection method
	 for viscous incompressible flow},
        YEAR = {1991},
        BOOKTITLE = {Proceedings of the Tenth AIAA Computational
                     Fluid Dynamics Conference},
        MONTH = Jun,
        ORGANIZATION = {AIAA},
        PAGES = {360--367}
}

@ARTICLE{almgren:bell:crutchfield,
author =   {A. S. Almgren and J. B. Bell and W. Y. Crutchfield},
title =    {Approximate Projection Methods: Part {I}. {I}nviscid Analysis},
journal =  {SIAM J. Sci. Comput.},
volume={22},
number={4},
pages={1139--59},
year =     {2000}
}

@article{br-refine,
  title={An algorithm for point clustering and grid generation},
  author={Berger, Marsha and Rigoutsos, Isidore},
  journal={Systems, Man and Cybernetics, IEEE Transactions on},
  volume={21},
  number={5},
  pages={1278--1286},
  year={1991},
  publisher={IEEE}
}

@ARTICLE{colglaz,
   author = {{Colella}, P. and {Glaz}, H.~M.},
   title = "{Efficient solution algorithms for the Riemann problem             
             for real gases}",
   journal = {Journal of Computational Physics},
   year = 1985,
   month = jun,
   volume = 59,
   pages = {264-289},
   doi = {10.1016/0021-9991(85)90146-9},
   adsurl = {http://adsabs.harvard.edu/abs/1985JCoPh..59..264C},
}

@ARTICLE{castro_I,
   author = {{Almgren}, A.~S. and {Beckner}, V.~E. and {Bell}, J.~B. and
   {Day}, M.~S. and {Howell}, L.~H. and {Joggerst}, C.~C. and {Lijewski}, M.~J. and
   {Nonaka}, A. and {Singer}, M. and {Zingale}, M.},
  title = "{CASTRO: A New Compressible Astrophysical Solver. I. Hydrodynamics and Self-gravity}",
  journal = {ApJ},
  year = 2010,
  month = jun,
  volume = 715,
  pages = {1221-1238},
  doi = {10.1088/0004-637X/715/2/1221},
}

@ARTICLE{DayBell:2000,
  author={M. S. Day and J. B. Bell},
  title={Numerical simulation of laminar reacting flows with complex chemistry},
  journal={Combust. Theory Modelling},
  volume={4},
  number={4},
  pages={535-556},
  year={2000}
 }

@ARTICLE{ppm,
   author = {{Colella}, P. and {Woodward}, P.~R.},
   title = "{The Piecewise Parabolic Method (PPM) for Gas-Dynamical Simulations}",
   journal = {Journal of Computational Physics},
   year = 1984,
   month = sep,
   volume = 54,
   pages = {174-201},
   doi = {10.1016/0021-9991(84)90143-8},
}

@ARTICLE{colgwhite,
   author = {{Colgate}, S.~A. and {White}, R.~H.},
   title = "{The Hydrodynamic Behavior of Supernovae Explosions}",
   journal = {ApJ},
   year = 1966,
   month = mar,
   volume = 143,
   pages = {626},
   doi = {10.1086/148549},
}


@book{quirk1997,
  title={A contribution to the great Riemann solver debate},
  author={Quirk, James J},
  year={1997},
  publisher={Springer}
}


@ARTICLE{maestro:III,
   author = {{Almgren}, A.~S. and {Bell}, J.~B. and {Nonaka}, A. and {Zingale}, M.
   },
   title = "{Low Mach Number Modeling of Type Ia Supernovae. III. Reactions}",
   journal = {ApJ},
   keywords = {Convection, Hydrodynamics, Methods: Numerical, Nuclear Reactions, Nucleosynthesis, Abundances, Stars: Supernovae: General, Stars: White Dwarfs},
   year = 2008,
   month = sep,
   volume = 684,
   pages = {449-470},
   doi = {10.1086/590321}
}


@ARTICLE{zingalekatz,
   author = {{Zingale}, M. and {Katz}, M.~P.},
   title = "{On the Piecewise Parabolic Method for Compressible Flow With Stellar Equations of State}",
   journal = {ApJS},
   keywords = {hydrodynamics, methods: numerical},
   year = 2015,
   month = feb,
   volume = 216,
   eid = {31},
   pages = {31},
   doi = {10.1088/0067-0049/216/2/31}
}


@ARTICLE{flash,
   author = {{Fryxell}, B. and {Olson}, K. and {Ricker}, P. and {Timmes}, F.~X. and
   {Zingale}, M. and {Lamb}, D.~Q. and {MacNeice}, P. and {Rosner}, R. and
   {Truran}, J.~W. and {Tufo}, H.},
  title = "{FLASH: An Adaptive Mesh Hydrodynamics Code for Modeling Astrophysical Thermonuclear Flashes}",
  journal = {ApJS},
  year = 2000,
  month = nov,
  volume = 131,
  pages = {273-334},
  doi = {10.1086/317361},
}

@ARTICLE{colella:1990,
   author = {{Colella}, P.},
   title = "{Multidimensional upwind methods for hyperbolic conservation laws}",
   journal = {Journal of Computational Physics},
   year = 1990,
   month = mar,
   volume = 87,
   pages = {171-200},
   doi = {10.1016/0021-9991(90)90233-Q},
}

@ARTICLE{colellasekora,
   author = {{Colella}, P. and {Sekora}, M.~D.},
   title = "{A limiter for PPM that preserves accuracy at smooth extrema}",
   journal = {Journal of Computational Physics},
   year = 2008,
   month = jul,
   volume = 227,
   pages = {7069-7076},
  doi = {10.1016/j.jcp.2008.03.034},
}

@ARTICLE{millercolella:2002,
   author = {{Miller}, G.~H. and {Colella}, P.},
       title = "{A Conservative Three-Dimensional Eulerian Method for Coupled Solid-Fluid Shock \
Capturing}",
  journal = {Journal of Computational Physics},
  year = 2002,
  month = nov,
  volume = 183,
  pages = {26-82},
 doi = {10.1006/jcph.2002.7158},
 adsurl = {http://adsabs.harvard.edu/abs/2002JCoPh.183...26M},
  adsnote = {Provided by the SAO/NASA Astrophysics Data System}
}


@TECHREPORT{pember:1996,
    author = {Richard B. Pember and Jeffrey A. Greenough and Phillip Colella},
    title = {An Adaptive, Higher-Order Godunov Method For Gas Dynamics In Three-Dimensional Orthogonal Curvilinear Coordinates},
    year = {1996}
}
