

@article{AMReX,
  title = {AMReX: a framework for block-structured adaptive mesh refinement},
  journal = {Journal of Open Source Software},
  doi = {10.21105/joss.01370},
  issn = {2475-9066},
  number = {37},
  publisher = {The Open Journal},
  url = {http://dx.doi.org/10.21105/joss.01370},
  volume = {4},
  author = {Zhang, Weiqun and Almgren, Ann and Beckner, Vince and Bell, John and Blaschke, Johannes and Chan, Cy and Day, Marcus and Friesen, Brian and Gott, Kevin and Graves, Daniel and Katz, Max and Myers, Andrew and Nguyen, Tan and Nonaka, Andrew and Rosso, Michele and Williams, Samuel and Zingale, Michael},
  pages = {1370},
  date = {2019-05-12},
  year = {2019},
  month = {5},
  day = {12}
}

@article{LMC,
  title= {Numerical Simulation of Laminar Reacting Flows with Complex Chemistry},
  journal= {Combustion Theory and Modeling},
  doi = {10.1088/1364-7830/4/4/309},
  number = {4},
  publisher = {Taylor \& Francis},
  url = {https://www.tandfonline.com/doi/abs/10.1088/1364-7830/4/4/309},
  volume = {4}
  author = {Day, Marcus and Bell, John},
  pages = {535-556},
  date = {2000-01-07}
}

@article{Majda,
  title= {The Derivation and Numerical Solution of the Equations for Zero Mach Number Combustion},
  journal={Combustion Science and Technology},
  doi = {10.1080/00102208508960376},
  number = {42},
  publisher = {Taylor \& Francis},
  url = {https://www.tandfonline.com/doi/abs/10.1080/00102208508960376},
  volume = {3},
  author = {Majda, Andrew and Sethian, James},
  pages = {185-205},
  date = {1984-07-13}
}

@article{SUNDIALS,
  title={{SUNDIALS}: Suite of nonlinear and differential/algebraic equation solvers},
  author={Hindmarsh, Alan C and Brown, Peter N and Grant, Keith E and Lee, Steven L and Serban, Radu and Shumaker, Dan E and Woodward, Carol S},
  journal={ACM Transactions on Mathematical Software},
  volume={31},
  number={3},
  pages={363--396},
  year={2005},
  doi = {10.1145/1089014.1089020}
}

@article{Nonaka12,
  title= {A Deferred Correction Coupling Strategy for Low Mach Number Flow with Complex Chemistry},
  journal={Combustion Theory and Modeling},
  doi = {10.1080/13647830.2012.701019},
  number = {16},
  publisher = {Taylor \& Francis},
  url = {https://www.tandfonline.com/doi/abs/10.1080/13647830.2012.701019},
  volume = {6},
  author = {Nonaka, Andy and Bell, John and Day, Marcus and Gilet, Candace and Almgren, Ann and Minion, Michael},
  pages = {1053-1088},
  date = {2012-09-12}
}

@article{Nonaka18,
  title= {A conservative, thermodynamically consistent numerical approach for low Mach number combustion. I. Single-level integration},
  journal={Combustion Theory and Modeling},
  doi = {10.1080/13647830.2017.1390610},
  number = {22},
  publisher = {Taylor \& Francis},
  url = {https://www.tandfonline.com/doi/full/10.1080/13647830.2017.1390610},
  volume = {1},
  author = {Nonaka, Andy and Bell, John and Day, Marcus},
  pages = {156-184},
  date = {2018-11-07}
}
